@book{aho2008compilers,
  title       = {Compiladores: Princípios, técnicas e ferramentas},
  author      = {Aho, Alfred V and Sethi, Ravi and Ullman, Jeffrey D and Lam, Monica S},
  year        = {2008},
  edition     = {2th},
  translation = {Vieira, Daniel},
  publisher   = {Pearson Education},
  address     = {São Paulo, SP, Brasil}
}

@article{appel1997shrinking,
  title     = {Shrinking lambda expressions in linear time},
  author    = {Appel, Andrew W and Jim, Trevor},
  journal   = {J. Funct. Prog.},
  publisher = {Cambridge University Press (CUP)},
  volume    = 7,
  number    = 5,
  pages     = {515--540},
  month     = sep,
  year      = 1997
}

@book{appel1992compiling,
  author    = {Appel, Andrew W.},
  title     = {Compiling with continuations},
  year      = {1992},
  isbn      = {0521416957},
  publisher = {Cambridge University Press},
  address   = {USA}
}

@article{bowman2018cps,
  author    = {William J. Bowman and Youyou Cong and Nick Rioux and Amal Ahmed},
  title     = {Type-Preserving CPS Translation of $\Sigma$ and $\Pi$ Types is Not Not Possible},
  journal   = {Proceedings of the ACM on Programming Languages},
  volume    = {2},
  number    = {POPL},
  year      = {2018},
  article   = {22},
  pages     = {1--33},
  publisher = {ACM},
  doi       = {10.1145/3158110},
  url       = {https://doi.org/10.1145/3158110}
}

@mastersthesis{castro2019certificacao,
  author = {Rafael Castro Gonçalves Silva},
  school = {UDESC},
  title  = {Uma Certificação em Coq do Algoritmo W Monádico},
  year   = {2019}
}

@article{church1932set,
  title     = {A set of postulates for the foundation of logic},
  author    = {Church, Alonzo},
  journal   = {Annals of mathematics},
  pages     = {346--366},
  year      = {1932},
  publisher = {JSTOR}
}

@article{church1940formulation,
  title     = {A formulation of the simple theory of types},
  author    = {Church, Alonzo},
  journal   = {J. Symb. Log.},
  volume    = {5},
  number    = {2},
  pages     = {56--68},
  year      = {1940},
  publisher = {Cambridge University Press (CUP)}
}

@incollection{coquand2022type,
  author    = {Coquand, Thierry},
  title     = {{Type Theory}},
  booktitle = {The {Stanford} Encyclopedia of Philosophy},
  editor    = {Edward N. Zalta and Uri Nodelman},
  year      = {2022},
  publisher = {Metaphysics Research Lab, Stanford University}
}

@article{coquand1988calculus,
  title   = {The calculus of constructions},
  author  = {Thierry Coquand and Gérard Huet},
  journal = {Information and Computation},
  volume  = {76},
  number  = {2},
  pages   = {95-120},
  year    = {1988}
}

@phdthesis{vasconcellos2004inferencia,
  author = {Cristiano Damiani Vasconcellos},
  title  = {Inferência de Tipos com Suporte para Sobrecarga Baseada no Sistema CT},
  school = {Universidade Federal de Minas Gerais},
  year   = {2004}
}

@book{cooper2014construindo,
  author    = {Cooper, Keith D and Torczon, Linda},
  title     = {Contruindo Compiladores},
  publisher = {Elsevier},
  edition   = {2th},
  year      = {2014}
}

@phdthesis{damas1982principal,
  title  = {Principal type-schemes for functional programs},
  author = {Damas, Luis and Milner, Robin},
  year   = {1982},
  school = {University of Edinburgh, Scotland}
}

@phdthesis{damas1984assignment,
  title  = {Type assignment in programming languages},
  author = {Damas, Luis},
  year   = {1984},
  school = {University of Edinburgh}
}

@article{flanagan1993essence,
  author     = {Flanagan, Cormac and Sabry, Amr and Duba, Bruce F. and Felleisen, Matthias},
  title      = {The Essence of Compiling with Continuations},
  year       = {1993},
  issue_date = {June 1993},
  publisher  = {Association for Computing Machinery},
  address    = {New York, NY, USA},
  volume     = {28},
  number     = {6},
  issn       = {0362-1340},
  url        = {https://doi.org/10.1145/173262.155113},
  doi        = {10.1145/173262.155113},
  journal    = {SIGPLAN Not.},
  month      = {jun},
  pages      = {237--247},
  numpages   = {11}
}

@inproceedings{kennedy2007continuations,
  author    = {Kennedy, Andrew},
  title     = {Compiling with continuations, continued},
  year      = {2007},
  publisher = {Association for Computing Machinery}
}

@inproceedings{milner1978polymorphism,
  title     = {A theory of type polymorphism in programming},
  author    = {Milner, Robin},
  booktitle = {Journal of Computer and System Sciences},
  volume    = {17},
  number    = {3},
  pages     = {348--375},
  year      = {1978},
  publisher = {Elsevier}
}

@article{morrisett1999systemF,
  author  = {Morrisett, Greg and Walker, David and Crary, Karl and Glew, Neal},
  title   = {From system F to typed assembly language},
  journal = {ACM Trans. Program. Lang. Syst.},
  volume  = {21},
  number  = {3},
  pages   = {527-568},
  year    = {1999}
}

@book{muchnick1997advanced,
  title     = {Advanced Compiler Design and Implementation},
  author    = {Muchnick, Steven S},
  publisher = {Morgan Kaufmann},
  month     = sep,
  year      = {1997},
  address   = {Oxford, England}
}

@inproceedings{necula1997pcc,
  author    = {George C. Necula and Peter Lee},
  title     = {Proof-Carrying Code},
  booktitle = {Proceedings of the 24th ACM SIGPLAN-SIGACT Symposium on Principles of Programming Languages (POPL)},
  year      = {1997},
  pages     = {106--119},
  publisher = {ACM},
  doi       = {10.1145/263699.263712},
  url       = {https://doi.org/10.1145/263699.263712}
}

@article{plotkin1975call,
  title   = {Call-by-name, call-by-value and the $\lambda$-calculus},
  author  = {G.D. Plotkin},
  journal = {Theoretical Computer Science},
  volume  = {1},
  number  = {2},
  pages   = {125-159},
  year    = {1975}
}

@book{pierce2002types,
  author    = {Pierce, Benjamin C.},
  title     = {Types and Programming Languages},
  year      = {2002},
  publisher = {The MIT Press}
}

@inproceedings{ribeiro2016mechanized,
  author    = {Ribeiro, Rodrigo and Camar{\~a}o, Carlos},
  editor    = {Corn{\'e}lio, M{\'a}rcio and Roscoe, Bill},
  title     = {A Mechanized Textbook Proof of a Type Unification Algorithm},
  booktitle = {Formal Methods: Foundations and Applications},
  year      = {2016},
  publisher = {Springer International Publishing},
  address   = {Cham},
  pages     = {127--141},
  isbn      = {978-3-319-29473-5}
}

@inproceedings{shao1998implementing,
  author    = {Zhong Shao and Christopher League and Stefan Monnier},
  title     = {Implementing Typed Intermediate Languages},
  booktitle = {Proceedings of the 1998 ACM SIGPLAN International Conference on Functional Programming (ICFP'98)},
  year      = {1998},
  address   = {Baltimore, Maryland, USA},
  publisher = {ACM Press},
  note      = {Also available as Yale University Technical Report},
  url       = {http://flint.cs.yale.edu/flint/publications/icfp98.ps},
}

@article{sondergaard1990transparency,
  title   = {Referential transparency, definiteness and unfoldability},
  author  = {S{\o}ndergaard, Harald and Sestoft, Peter},
  journal = {Acta Inform.},
  volume  = {27},
  number  = {6},
  year    = {1990}
}

@mastersthesis{torrens2019calculo,
  author = {Paulo Henrique Torrens},
  school = {UDESC},
  title  = {Um Cálculo de Continuações com Tipos Dependentes},
  year   = {2019}
}

@article{torrens2024operational,
  author  = {Torrens, Paulo and Orchard, Dominic and Vasconcellos, Cristiano},
  title   = {On the Operational Theory of the CPS-Calculus: Towards a Theoretical Foundation for IRs},
  journal = {Proc. ACM Program. Lang.},
  year    = {2024}
}

@misc{thielecke1997categorical,
  title  = {Categorical Structure of Continuation Passing Style},
  author = {Hayo Thielecke},
  year   = {1997}
}
