@article{appel1998ssa,
  title={SSA is functional programming},
  author={Appel, Andrew W},
  journal={Acm Sigplan Notices},
  volume={33},
  number={4},
  pages={17--20},
  year={1998},
  publisher={ACM New York, NY, USA}
}

@inproceedings{cytron1989efficient,
  title={An efficient method of computing static single assignment form},
  author={Cytron, Ron and Ferrante, Jeanne and Rosen, Barry K and Wegman, Mark N and Zadeck, F Kenneth},
  booktitle={Proceedings of the 16th ACM SIGPLAN-SIGACT symposium on Principles of programming languages},
  pages={25--35},
  year={1989},
  publisher = {Association for Computing Machinery},
  address = {New York, NY, USA},
  location = {Austin, Texas, USA}
}

@article{wegman1991constant,
  title={Constant propagation with conditional branches},
  author={Wegman, Mark N and Zadeck, F Kenneth},
  journal={ACM Transactions on Programming Languages and Systems (TOPLAS)},
  volume={13},
  number={2},
  pages={181--210},
  year={1991},
  publisher={ACM New York, NY, USA}
}

@article{hughes1989functional,
  title={Why functional programming matters},
  author={Hughes, John},
  journal={The computer journal},
  volume={32},
  number={2},
  pages={98--107},
  year={1989},
  publisher={Oxford University Press}
}

@inproceedings{vazou2016monads,
  title={From monads to effects and back},
  author={Vazou, Niki and Leijen, Daan},
  booktitle={Practical Aspects of Declarative Languages: 18th International Symposium},
  pages={169--186},
  year={2016},
  organization={Springer},
  address={St. Petersburg, FL, USA}
}

@inproceedings{gifford1986integrating,
  title={Integrating functional and imperative programming},
  author={Gifford, David K and Lucassen, John M},
  booktitle={Proceedings of the 1986 ACM Conference on LISP and Functional Programming},
  pages={28--38},
  year={1986}
}

@inproceedings{torrens2017hybrid,
  title={A hybrid intermediate language between SSA and CPS},
  author={Torrens, Paulo and Vasconcellos, Cristiano and Gon{\c{c}}alves, Junia},
  booktitle={Proceedings of the 21st Brazilian Symposium on Programming Languages},
  pages={1--3},
  year={2017},
  publisher = {Association for Computing Machinery},
  address = {New York, NY, USA}
}

@article{church1932set,
  title={A set of postulates for the foundation of logic},
  author={Church, Alonzo},
  journal={Annals of mathematics},
  pages={346--366},
  year={1932},
  publisher={JSTOR}
}

@inproceedings{wadler1995monads,
  title={Monads for functional programming},
  author={Wadler, Philip},
  booktitle={Advanced Functional Programming: First International Spring School on Advanced Functional Programming Techniques},
  pages={24--52},
  year={1995},
  organization={Springer},
  address={B{\aa}stad, Sweden}
}

@article{leijen2014koka,
  title={Koka: Programming with row polymorphic effect types},
  author={Leijen, Daan},
  journal={arXiv preprint arXiv:1406.2061},
  year={2014}
}

@inproceedings{rigon2020inferring,
  title={Inferring types and effects via static single assignment},
  author={Rigon, Leonardo Filipe and Torrens, Paulo and Vasconcellos, Cristiano},
  booktitle={Proceedings of the 35th Annual ACM Symposium on Applied Computing},
  pages={1314--1321},
  year={2020},
  address={New York, NY, USA},
  publisher={Association for Computing Machinery}
}

@inproceedings{flanagan1993essence,
  title={The essence of compiling with continuations},
  author={Flanagan, Cormac and Sabry, Amr and Duba, Bruce F and Felleisen, Matthias},
  booktitle={Proceedings of the ACM SIGPLAN 1993 conference on Programming language design and implementation},
  pages={237--247},
  year={1993},
  publisher = {Association for Computing Machinery},
  address = {New York, NY, USA}
}
@book{aho2008compilers,
  title={Compiladores: Princípios, técnicas e ferramentas},
  author={Aho, Alfred V and Sethi, Ravi and Ullman, Jeffrey D and Lam, Monica S},
  year={2008},
  edition={2th},
  translation={Vieira, Daniel},
  publisher={Pearson Education},
  address={São Paulo, SP, Brasil}
}

@book{cooper2014,
    author = {Cooper, Keith D and Torczon, Linda},
    title = {Contruindo Compiladores},
    publisher = {Elsevier},
    edition = {2th},
    year = {2014},
    address={Rio de Janeiro, RJ, Brasil}
}
@article{allen1970control,
  title={Control flow analysis},
  author={Allen, Frances E},
  journal={ACM Sigplan Notices},
  volume={5},
  number={7},
  pages={1--19},
  year={1970},
  publisher={ACM New York, NY, USA}
}

@article{flanagan1993,
    author = {Flanagan, Cormac and Sabry, Amr and Duba, Bruce F. and Felleisen, Matthias},
    title = {The Essence of Compiling with Continuations},
    year = {1993},
    issue_date = {June 1993},
    publisher = {Association for Computing Machinery},
    address = {New York, NY, USA},
    volume = {28},
    number = {6},
    issn = {0362-1340},
    url = {https://doi.org/10.1145/173262.155113},
    doi = {10.1145/173262.155113},
    journal = {SIGPLAN Not.},
    month = {jun},
    pages = {237–247},
    numpages = {11}
}

@article{sabyr1992,
    author = {Sabry, Amr and Felleisen, Matthias},
    title = {Reasoning about Programs in Continuation-Passing Style.},
    year = {1992},
    issue_date = {Jan. 1992},
    publisher = {Association for Computing Machinery},
    address = {New York, NY, USA},
    volume = {V},
    number = {1},
    issn = {1045-3563},
    url = {https://doi.org/10.1145/141478.141563},
    doi = {10.1145/141478.141563},
    journal = {SIGPLAN Lisp Pointers},
    month = {jan},
    pages = {288–298},
    numpages = {11}
}

@inproceedings{appel1987standard,
  title={A standard ML compiler},
  author={Appel, Andrew W and MacQueen, David B},
  booktitle={Conference on Functional Programming Languages and Computer Architecture},
  pages={301--324},
  year={1987},
  organization={Springer}
}

@book{steele1978rabbit,
  title={Rabbit: A compiler for Scheme},
  author={Steele, Guy L},
  year={1978},
  publisher={Massachusetts Institute of Technology}
}

@book{appel2007compiling,
  title={Compiling with continuations},
  author={Appel, Andrew W},
  year={2007},
  publisher={Cambridge university press}
}

@article{chakravarty2004functional,
  title={A functional perspective on SSA optimisation algorithms},
  author={Chakravarty, Manuel MT and Keller, Gabriele and Zadarnowski, Patryk},
  journal={Electronic Notes in Theoretical Computer Science},
  volume={82},
  number={2},
  pages={347--361},
  year={2004},
  publisher={Elsevier}
}

@article{kelsey1995correspondence,
  title={A correspondence between continuation passing style and static single assignment form},
  author={Kelsey, Richard A},
  journal={ACM SIGPLAN Notices},
  volume={30},
  number={3},
  pages={13--22},
  year={1995},
  publisher={ACM New York, NY, USA}
}

@article{moggi1988computational,
  title={Computational lambda-calculus and monads},
  author={Moggi, Eugenio},
  year={1988},
  publisher={Citeseer}
}

@book{mitchell_2002,
  place={Cambridge},
  title={Concepts in Programming Languages},
  DOI={10.1017/CBO9780511804175},
  publisher={Cambridge University Press}, 
  author={Mitchell, John C.}, 
  year={2002}
}

@article{cardelli1996type,
  title={Type systems},
  author={Cardelli, Luca},
  journal={ACM Computing Surveys (CSUR)},
  volume={28},
  number={1},
  pages={263--264},
  year={1996},
  publisher={ACM New York, NY, USA}
}

@article{wadler2003marriage,
  title={The marriage of effects and monads},
  author={Wadler, Philip and Thiemann, Peter},
  journal={ACM Transactions on Computational Logic (TOCL)},
  volume={4},
  number={1},
  pages={1--32},
  year={2003},
  publisher={ACM New York, NY, USA}
}
@article{talpin1992polymorphic,
  title={Polymorphic type, region and effect inference},
  author={Talpin, Jean-Pierre and Jouvelot, Pierre},
  journal={Journal of functional programming},
  volume={2},
  number={3},
  pages={245--271},
  year={1992},
  publisher={Cambridge University Press}
}

@article{kiselyov2015freer,
  title={Freer monads, more extensible effects},
  author={Kiselyov, Oleg and Ishii, Hiromi},
  journal={ACM SIGPLAN Notices},
  volume={50},
  number={12},
  pages={94--105},
  year={2015},
  publisher={ACM New York, NY, USA}
}